@article{maurer2009empiricalbernstein,
  title={Empirical Bernstein bounds and sample variance penalization},
  author={Maurer, Andreas and Pontil, Massimiliano},
  journal={arXiv preprint arXiv:0907.3740},
  year={2009}
}

@article{howard2021timeuniform,
  title={Time-uniform, nonparametric, nonasymptotic confidence sequences},
  author={Howard, Steven R and Ramdas, Aaditya and McAuliffe, Jon and Sekhon, Jasjeet},
  journal={The Annals of Statistics},
  volume={49},
  number={2},
  pages={1055--1080},
  year={2021}
}

@article{howard2021confidenceSequences,
  title={Confidence sequences for mean, variance, and median},
  author={Howard, Steven R and Ramdas, Aaditya and McAuliffe, Jon and Sekhon, Jasjeet},
  journal={Proceedings of the National Academy of Sciences},
  volume={118},
  number={15},
  year={2021}
}

@inproceedings{uchida2017embedding,
  title={Embedding watermarks into deep neural networks},
  author={Uchida, Yusuke and Nagai, Yuki and Sakazawa, Shigeyuki and Satoh, Shin'ichi},
  booktitle={Proceedings of the 2017 ACM on international conference on multimedia retrieval},
  pages={269--277},
  year={2017}
}

@inproceedings{zhang2018protecting,
  title={Protecting intellectual property of deep neural networks with watermarking},
  author={Zhang, Jialong and Gu, Zhongshu and Jang, Jiyong and Wu, Hui and Stoecklin, Marc Ph and Huang, Heqing and Molloy, Ian},
  booktitle={Proceedings of the 2018 on Asia conference on computer and communications security},
  pages={159--172},
  year={2018}
}

@inproceedings{jia2021proof,
  title={Proof-of-learning: Definitions and practice},
  author={Jia, Hengrui and Yaghini, Mohammad and Choquette-Choo, Christopher A and Dullerud, Natalie and Thudi, Anvith and Chandrasekaran, Varun and Papernot, Nicolas},
  booktitle={2021 IEEE Symposium on Security and Privacy (SP)},
  pages={1039--1056},
  year={2021},
  organization={IEEE}
}

@article{geirhos2020shortcut,
  title={Shortcut learning in deep neural networks},
  author={Geirhos, Robert and Jacobsen, J{\"o}rn-Henrik and Michaelis, Claudio and Zemel, Richard and Brendel, Wieland and Bethge, Matthias and Wichmann, Felix A},
  journal={Nature Machine Intelligence},
  volume={2},
  number={11},
  pages={665--673},
  year={2020}
}

@inproceedings{hendrycks2021many,
  title={The many faces of robustness: A critical analysis of out-of-distribution generalization},
  author={Hendrycks, Dan and Basart, Steven and Mu, Norman and Kadavath, Saurav and Wang, Frank and Dorundo, Evan and Desai, Rahul and Zhu, Tyler and Parajuli, Samyak and Guo, Mike and others},
  booktitle={Proceedings of the IEEE/CVF International Conference on Computer Vision},
  pages={8340--8349},
  year={2021}
}

@article{wald1945sprt,
  title={Sequential tests of statistical hypotheses},
  author={Wald, Abraham},
  journal={The annals of mathematical statistics},
  volume={16},
  number={2},
  pages={117--186},
  year={1945}
}

@inproceedings{audibert2009exploration,
  title={Exploration-exploitation tradeoff using variance estimates in multi-armed bandits},
  author={Audibert, Jean-Yves and Munos, R{\'e}mi and Szepesv{\'a}ri, Csaba},
  booktitle={Conference on Learning Theory},
  pages={13--1},
  year={2009}
}

@techreport{rfc2104,
  title={HMAC: Keyed-hashing for message authentication},
  author={Krawczyk, Hugo and Bellare, Mihir and Canetti, Ran},
  year={1997},
  institution={RFC 2104}
}

@techreport{rfc5869,
  title={HMAC-based extract-and-expand key derivation function (HKDF)},
  author={Krawczyk, Hugo and Eronen, Pasi},
  year={2010},
  institution={RFC 5869}
}

@techreport{fips180-4,
  title={Secure hash standard (SHS)},
  author={{NIST}},
  year={2015},
  institution={Federal Information Processing Standards Publication 180-4}
}

@inproceedings{costan2016sgx,
  title={Intel SGX explained},
  author={Costan, Victor and Devadas, Srinivas},
  booktitle={Cryptology ePrint Archive},
  year={2016}
}

@inproceedings{bensasson2014snarks,
  title={Succinct non-interactive zero knowledge for a von Neumann architecture},
  author={Ben-Sasson, Eli and Chiesa, Alessandro and Tromer, Eran and Virza, Madars},
  booktitle={23rd USENIX Security Symposium},
  pages={781--796},
  year={2014}
}

@inproceedings{bunz2018bulletproofs,
  title={Bulletproofs: Short proofs for confidential transactions and more},
  author={B{\"u}nz, Benedikt and Bootle, Jonathan and Boneh, Dan and Poelstra, Andrew and Wuille, Pieter and Maxwell, Greg},
  booktitle={2018 IEEE symposium on security and privacy (SP)},
  pages={315--334},
  year={2018},
  organization={IEEE}
}