@article{maurer2009empiricalbernstein,
  title={Empirical Bernstein bounds and sample variance penalization},
  author={Maurer, Andreas and Pontil, Massimiliano},
  journal={COLT},
  year={2009}
}

@article{howard2021timeuniform,
  title={Time-uniform Chernoff bounds via nonnegative supermartingales},
  author={Howard, Steven R. and Ramdas, Aaditya and others},
  journal={arXiv preprint arXiv:2108.04265},
  year={2021}
}

@article{howard2021confidenceSequences,
  title={Time-uniform, nonparametric, nonasymptotic confidence sequences},
  author={Howard, Steven R. and Ramdas, Aaditya and McAuliffe, Jon and Sekhon, Jasjeet},
  journal={Annals of Statistics},
  volume={49},
  number={2},
  pages={1055--1080},
  year={2021}
}

@article{wald1945sprt,
  title={Sequential Tests of Statistical Hypotheses},
  author={Wald, Abraham},
  journal={Annals of Mathematical Statistics},
  volume={16},
  number={2},
  pages={117--186},
  year={1945}
}

@article{audibert2009exploration,
  title={Exploration--exploitation tradeoff using variance estimates},
  author={Audibert, Jean-Yves and Munos, R{\'e}mi and Szepesv{\'a}ri, Csaba},
  journal={Theoretical Computer Science},
  volume={410},
  number={19},
  pages={1876--1902},
  year={2009}
}

@misc{rfc2104,
  title={{HMAC}: Keyed-Hashing for Message Authentication},
  author={Krawczyk, Hugo and Bellare, Mihir and Canetti, Ran},
  howpublished={RFC 2104},
  year={1997},
  note={IETF}
}

@misc{rfc5869,
  title={{HKDF}: HMAC-based Extract-and-Expand Key Derivation Function},
  author={Krawczyk, Hugo and Eronen, Pasi},
  howpublished={RFC 5869},
  year={2010},
  note={IETF}
}

@techreport{fips180-4,
  title={Secure Hash Standard ({SHS})},
  institution={National Institute of Standards and Technology (NIST)},
  number={FIPS PUB 180-4},
  year={2015}
}

@misc{costan2016sgx,
  title={Intel {SGX} Explained},
  author={Costan, Victor and Devadas, Srinivas},
  howpublished={Cryptology ePrint Archive, Report 2016/086},
  year={2016}
}

@inproceedings{bensasson2014snarks,
  title={Succinct Non-Interactive Zero Knowledge for a von Neumann Architecture},
  author={Ben-Sasson, Eli and Chiesa, Alessandro and Garman, Christina and Green, Matthew and Miers, Ian and Tromer, Eran and Virza, Madars},
  booktitle={USENIX Security},
  year={2014}
}

@inproceedings{bunz2018bulletproofs,
  title={Bulletproofs: Short Proofs for Confidential Transactions and More},
  author={B{\"u}nz, Benedikt and Bootle, Jonathan and Boneh, Dan and Poelstra, Andrew and Wuille, Pieter and Maxwell, Gregory},
  booktitle={IEEE Symposium on Security and Privacy},
  year={2018}
}
